@article{charectarizationPermutationGraphs,
  title={Characterization and construction of permutation graphs},
  author={Gervacio, Severino V and Rapanut, Teofina A and Ramos, Phoebe Chloe F},
  year={2013},
  publisher={Scientific Research Publishing}
}

@article{weakBruhatOrder,
  title={Permutation graphs and the weak Bruhat order},
  author={Brualdi, Richard A and Dahl, Geir},
  journal={The Art of Discrete and Applied Mathematics},
  year={2023}
}

@article{setsOfRankings,
  title={On graphs associated to sets of rankings},
  author={Criado, Regino and Garc{\'\i}a, Esther and Pedroche, Francisco and Romance, Miguel},
  journal={Journal of computational and applied mathematics},
  volume={291},
  pages={497--508},
  year={2016},
  publisher={Elsevier}
}

@article{generatingFunction,
  title={Permutations with inversions},
  author={Margolius, Barbara H},
  journal={Journal of Integer Sequences},
  volume={4},
  number={2},
  pages={3},
  year={2001}
}

@article{bruhatOrder,
  title={On the Bruhat order of the symmetric group and its shellability},
  author={Zhao, Yufei},
  journal={preprint},
  year={2007}
}

@misc{permutation,
  title={{Permutation}},
  howpublished={Dosegljivo: \url{https://en.wikipedia.org/wiki/Permutation}},
  note = {[Dostopano: 11. 1. 2023]}
}
@misc{inversion,
  title={{Inversion (discrete mathematics)}},
  howpublished={Dosegljivo: \url{https://en.wikipedia.org/wiki/Inversion_(discrete_mathematics)}},
  note = {[Dostopano: 11. 1. 2023]}
}
@misc{permutationGraph,
  title={{Permutation graph}},
  howpublished={Dosegljivo: \url{https://en.wikipedia.org/wiki/Permutation_graph}},
  note = {[Dostopano: 11. 1. 2023]}
}
@misc{permutationGroup,
  title={{Permutation group}},
  howpublished={Dosegljivo: \url{https://en.wikipedia.org/wiki/Permutation_group}},
  note = {[Dostopano: 11. 1. 2023]}
}
@misc{factorialNumberSystem,
  title={{Factorial number system}},
  howpublished={Dosegljivo: \url{https://en.wikipedia.org/wiki/Factorial_number_system}},
  note = {[Dostopano: 11. 1. 2023]}
}